date,store,item,sales,sales (t-1),sales (t-2),sales (t-3)
01/01/2013,1,1,13,,,
01/02/2013,1,1,11,13,,
01/03/2013,1,1,14,11,13,
01/04/2013,1,1,13,14,11,13
01/05/2013,1,1,10,13,14,11
01/06/2013,1,1,12,10,13,14
01/07/2013,1,1,10,12,10,13
01/08/2013,1,1,9,10,12,10
01/09/2013,1,1,12,9,10,12
01/10/2013,1,1,9,12,9,10
01/11/2013,1,1,9,9,12,9
01/12/2013,1,1,7,9,9,12
01/13/2013,1,1,10,7,9,9
01/14/2013,1,1,12,10,7,9
01/15/2013,1,1,5,12,10,7
01/16/2013,1,1,7,5,12,10
01/17/2013,1,1,16,7,5,12
01/18/2013,1,1,7,16,7,5
01/19/2013,1,1,18,7,16,7
01/20/2013,1,1,15,18,7,16
01/21/2013,1,1,8,15,18,7
01/22/2013,1,1,7,8,15,18
01/23/2013,1,1,9,7,8,15
01/24/2013,1,1,8,9,7,8
01/25/2013,1,1,14,8,9,7
01/26/2013,1,1,12,14,8,9
01/27/2013,1,1,12,12,14,8
01/28/2013,1,1,11,12,12,14
01/29/2013,1,1,6,11,12,12
01/30/2013,1,1,9,6,11,12
01/31/2013,1,1,13,9,6,11
02/01/2013,1,1,11,13,9,6
02/02/2013,1,1,21,11,13,9
02/03/2013,1,1,15,21,11,13
02/04/2013,1,1,14,15,21,11
02/05/2013,1,1,9,14,15,21
02/06/2013,1,1,10,9,14,15
02/07/2013,1,1,13,10,9,14
02/08/2013,1,1,11,13,10,9
02/09/2013,1,1,14,11,13,10
02/10/2013,1,1,11,14,11,13
02/11/2013,1,1,16,11,14,11
02/12/2013,1,1,11,16,11,14
02/13/2013,1,1,14,11,16,11
02/14/2013,1,1,10,14,11,16
02/15/2013,1,1,11,10,14,11
02/16/2013,1,1,7,11,10,14
02/17/2013,1,1,11,7,11,10
02/18/2013,1,1,10,11,7,11
02/19/2013,1,1,10,10,11,7
02/20/2013,1,1,7,10,10,11
02/21/2013,1,1,13,7,10,10
02/22/2013,1,1,12,13,7,10
02/23/2013,1,1,15,12,13,7
02/24/2013,1,1,11,15,12,13
02/25/2013,1,1,7,11,15,12
02/26/2013,1,1,9,7,11,15
02/27/2013,1,1,9,9,7,11
02/28/2013,1,1,10,9,9,7
03/01/2013,1,1,15,10,9,9
03/02/2013,1,1,13,15,10,9
03/03/2013,1,1,20,13,15,10
03/04/2013,1,1,14,20,13,15
03/05/2013,1,1,13,14,20,13
03/06/2013,1,1,17,13,14,20
03/07/2013,1,1,11,17,13,14
03/08/2013,1,1,15,11,17,13
03/09/2013,1,1,16,15,11,17
03/10/2013,1,1,11,16,15,11
03/11/2013,1,1,18,11,16,15
03/12/2013,1,1,14,18,11,16
03/13/2013,1,1,13,14,18,11
03/14/2013,1,1,10,13,14,18
03/15/2013,1,1,14,10,13,14
03/16/2013,1,1,10,14,10,13
03/17/2013,1,1,22,10,14,10
03/18/2013,1,1,11,22,10,14
03/19/2013,1,1,19,11,22,10
03/20/2013,1,1,14,19,11,22
03/21/2013,1,1,17,14,19,11
03/22/2013,1,1,21,17,14,19
03/23/2013,1,1,21,21,17,14
03/24/2013,1,1,19,21,21,17
03/25/2013,1,1,13,19,21,21
03/26/2013,1,1,16,13,19,21
03/27/2013,1,1,11,16,13,19
03/28/2013,1,1,13,11,16,13
03/29/2013,1,1,17,13,11,16
03/30/2013,1,1,19,17,13,11
03/31/2013,1,1,20,19,17,13
04/01/2013,1,1,11,20,19,17
04/02/2013,1,1,19,11,20,19
04/03/2013,1,1,24,19,11,20
04/04/2013,1,1,18,24,19,11
04/05/2013,1,1,19,18,24,19
04/06/2013,1,1,23,19,18,24
04/07/2013,1,1,17,23,19,18
04/08/2013,1,1,19,17,23,19
04/09/2013,1,1,13,19,17,23
04/10/2013,1,1,19,13,19,17
04/11/2013,1,1,16,19,13,19
04/12/2013,1,1,18,16,19,13
04/13/2013,1,1,17,18,16,19
04/14/2013,1,1,26,17,18,16
04/15/2013,1,1,14,26,17,18
04/16/2013,1,1,9,14,26,17
04/17/2013,1,1,17,9,14,26
04/18/2013,1,1,21,17,9,14
04/19/2013,1,1,22,21,17,9
04/20/2013,1,1,22,22,21,17
04/21/2013,1,1,20,22,22,21
04/22/2013,1,1,13,20,22,22
04/23/2013,1,1,11,13,20,22
04/24/2013,1,1,13,11,13,20
04/25/2013,1,1,14,13,11,13
04/26/2013,1,1,20,14,13,11
04/27/2013,1,1,22,20,14,13
04/28/2013,1,1,19,22,20,14
04/29/2013,1,1,11,19,22,20
04/30/2013,1,1,15,11,19,22
05/01/2013,1,1,16,15,11,19
05/02/2013,1,1,23,16,15,11
05/03/2013,1,1,22,23,16,15
05/04/2013,1,1,20,22,23,16
05/05/2013,1,1,14,20,22,23
05/06/2013,1,1,14,14,20,22
05/07/2013,1,1,15,14,14,20
05/08/2013,1,1,14,15,14,14
05/09/2013,1,1,11,14,15,14
05/10/2013,1,1,16,11,14,15
05/11/2013,1,1,19,16,11,14
05/12/2013,1,1,13,19,16,11
05/13/2013,1,1,9,13,19,16
05/14/2013,1,1,13,9,13,19
05/15/2013,1,1,16,13,9,13
05/16/2013,1,1,15,16,13,9
05/17/2013,1,1,16,15,16,13
05/18/2013,1,1,20,16,15,16
05/19/2013,1,1,19,20,16,15
05/20/2013,1,1,14,19,20,16
05/21/2013,1,1,24,14,19,20
05/22/2013,1,1,23,24,14,19
05/23/2013,1,1,14,23,24,14
05/24/2013,1,1,24,14,23,24
05/25/2013,1,1,25,24,14,23
05/26/2013,1,1,27,25,24,14
05/27/2013,1,1,7,27,25,24
05/28/2013,1,1,12,7,27,25
05/29/2013,1,1,10,12,7,27
05/30/2013,1,1,19,10,12,7
05/31/2013,1,1,27,19,10,12
06/01/2013,1,1,26,27,19,10
06/02/2013,1,1,22,26,27,19
06/03/2013,1,1,12,22,26,27
06/04/2013,1,1,15,12,22,26
06/05/2013,1,1,24,15,12,22
06/06/2013,1,1,9,24,15,12
06/07/2013,1,1,21,9,24,15
06/08/2013,1,1,20,21,9,24
06/09/2013,1,1,38,20,21,9
06/10/2013,1,1,20,38,20,21
06/11/2013,1,1,18,20,38,20
06/12/2013,1,1,22,18,20,38
06/13/2013,1,1,21,22,18,20
06/14/2013,1,1,22,21,22,18
06/15/2013,1,1,26,22,21,22
06/16/2013,1,1,23,26,22,21
06/17/2013,1,1,13,23,26,22
06/18/2013,1,1,21,13,23,26
06/19/2013,1,1,18,21,13,23
06/20/2013,1,1,24,18,21,13
06/21/2013,1,1,19,24,18,21
06/22/2013,1,1,23,19,24,18
06/23/2013,1,1,24,23,19,24
06/24/2013,1,1,17,24,23,19
06/25/2013,1,1,21,17,24,23
06/26/2013,1,1,21,21,17,24
06/27/2013,1,1,26,21,21,17
06/28/2013,1,1,17,26,21,21
06/29/2013,1,1,20,17,26,21
06/30/2013,1,1,24,20,17,26
07/01/2013,1,1,23,24,20,17
07/02/2013,1,1,17,23,24,20
07/03/2013,1,1,12,17,23,24
07/04/2013,1,1,24,12,17,23
07/05/2013,1,1,17,24,12,17
07/06/2013,1,1,16,17,24,12
07/07/2013,1,1,34,16,17,24
07/08/2013,1,1,20,34,16,17
07/09/2013,1,1,23,20,34,16
07/10/2013,1,1,14,23,20,34
07/11/2013,1,1,25,14,23,20
07/12/2013,1,1,29,25,14,23
07/13/2013,1,1,22,29,25,14
07/14/2013,1,1,29,22,29,25
07/15/2013,1,1,18,29,22,29
07/16/2013,1,1,12,18,29,22
07/17/2013,1,1,16,12,18,29
07/18/2013,1,1,21,16,12,18
07/19/2013,1,1,25,21,16,12
07/20/2013,1,1,25,25,21,16
07/21/2013,1,1,26,25,25,21
07/22/2013,1,1,18,26,25,25
07/23/2013,1,1,17,18,26,25
07/24/2013,1,1,21,17,18,26
07/25/2013,1,1,21,21,17,18
07/26/2013,1,1,31,21,21,17
07/27/2013,1,1,19,31,21,21
07/28/2013,1,1,25,19,31,21
07/29/2013,1,1,8,25,19,31
07/30/2013,1,1,26,8,25,19
07/31/2013,1,1,27,26,8,25
08/01/2013,1,1,21,27,26,8
08/02/2013,1,1,19,21,27,26
08/03/2013,1,1,24,19,21,27
08/04/2013,1,1,26,24,19,21
08/05/2013,1,1,17,26,24,19
08/06/2013,1,1,10,17,26,24
08/07/2013,1,1,25,10,17,26
08/08/2013,1,1,20,25,10,17
08/09/2013,1,1,19,20,25,10
08/10/2013,1,1,22,19,20,25
08/11/2013,1,1,25,22,19,20
08/12/2013,1,1,10,25,22,19
08/13/2013,1,1,11,10,25,22
08/14/2013,1,1,19,11,10,25
08/15/2013,1,1,22,19,11,10
08/16/2013,1,1,15,22,19,11
08/17/2013,1,1,29,15,22,19
08/18/2013,1,1,27,29,15,22
08/19/2013,1,1,11,27,29,15
08/20/2013,1,1,15,11,27,29
08/21/2013,1,1,20,15,11,27
08/22/2013,1,1,20,20,15,11
08/23/2013,1,1,19,20,20,15
08/24/2013,1,1,19,19,20,20
08/25/2013,1,1,23,19,19,20
08/26/2013,1,1,11,23,19,19
08/27/2013,1,1,16,11,23,19
08/28/2013,1,1,20,16,11,23
08/29/2013,1,1,14,20,16,11
08/30/2013,1,1,20,14,20,16
08/31/2013,1,1,25,20,14,20
09/01/2013,1,1,25,25,20,14
09/02/2013,1,1,10,25,25,20
09/03/2013,1,1,16,10,25,25
09/04/2013,1,1,10,16,10,25
09/05/2013,1,1,16,10,16,10
09/06/2013,1,1,20,16,10,16
09/07/2013,1,1,20,20,16,10
09/08/2013,1,1,19,20,20,16
09/09/2013,1,1,15,19,20,20
09/10/2013,1,1,17,15,19,20
09/11/2013,1,1,26,17,15,19
09/12/2013,1,1,14,26,17,15
09/13/2013,1,1,16,14,26,17
09/14/2013,1,1,27,16,14,26
09/15/2013,1,1,14,27,16,14
09/16/2013,1,1,16,14,27,16
09/17/2013,1,1,20,16,14,27
09/18/2013,1,1,18,20,16,14
09/19/2013,1,1,16,18,20,16
09/20/2013,1,1,11,16,18,20
09/21/2013,1,1,13,11,16,18
09/22/2013,1,1,16,13,11,16
09/23/2013,1,1,18,16,13,11
09/24/2013,1,1,14,18,16,13
09/25/2013,1,1,17,14,18,16
09/26/2013,1,1,20,17,14,18
09/27/2013,1,1,22,20,17,14
09/28/2013,1,1,13,22,20,17
09/29/2013,1,1,20,13,22,20
09/30/2013,1,1,20,20,13,22
10/01/2013,1,1,12,20,20,13
10/02/2013,1,1,11,12,20,20
10/03/2013,1,1,14,11,12,20
10/04/2013,1,1,14,14,11,12
10/05/2013,1,1,14,14,14,11
10/06/2013,1,1,20,14,14,14
10/07/2013,1,1,13,20,14,14
10/08/2013,1,1,13,13,20,14
10/09/2013,1,1,14,13,13,20
10/10/2013,1,1,20,14,13,13
10/11/2013,1,1,17,20,14,13
10/12/2013,1,1,17,17,20,14
10/13/2013,1,1,20,17,17,20
10/14/2013,1,1,15,20,17,17
10/15/2013,1,1,15,15,20,17
10/16/2013,1,1,15,15,15,20
10/17/2013,1,1,10,15,15,15
10/18/2013,1,1,10,10,15,15
10/19/2013,1,1,18,10,10,15
10/20/2013,1,1,25,18,10,10
10/21/2013,1,1,13,25,18,10
10/22/2013,1,1,11,13,25,18
10/23/2013,1,1,16,11,13,25
10/24/2013,1,1,17,16,11,13
10/25/2013,1,1,18,17,16,11
10/26/2013,1,1,19,18,17,16
10/27/2013,1,1,14,19,18,17
10/28/2013,1,1,11,14,19,18
10/29/2013,1,1,17,11,14,19
10/30/2013,1,1,20,17,11,14
10/31/2013,1,1,21,20,17,11
11/01/2013,1,1,20,21,20,17
11/02/2013,1,1,24,20,21,20
11/03/2013,1,1,19,24,20,21
11/04/2013,1,1,12,19,24,20
11/05/2013,1,1,20,12,19,24
11/06/2013,1,1,16,20,12,19
11/07/2013,1,1,17,16,20,12
11/08/2013,1,1,22,17,16,20
11/09/2013,1,1,18,22,17,16
11/10/2013,1,1,23,18,22,17
11/11/2013,1,1,16,23,18,22
11/12/2013,1,1,20,16,23,18
11/13/2013,1,1,20,20,16,23
11/14/2013,1,1,9,20,20,16
11/15/2013,1,1,18,9,20,20
11/16/2013,1,1,13,18,9,20
11/17/2013,1,1,17,13,18,9
11/18/2013,1,1,17,17,13,18
11/19/2013,1,1,18,17,17,13
11/20/2013,1,1,17,18,17,17
11/21/2013,1,1,16,17,18,17
11/22/2013,1,1,17,16,17,18
11/23/2013,1,1,31,17,16,17
11/24/2013,1,1,20,31,17,16
11/25/2013,1,1,16,20,31,17
11/26/2013,1,1,25,16,20,31
11/27/2013,1,1,25,25,16,20
11/28/2013,1,1,17,25,25,16
11/29/2013,1,1,19,17,25,25
11/30/2013,1,1,30,19,17,25
12/01/2013,1,1,16,30,19,17
12/02/2013,1,1,8,16,30,19
12/03/2013,1,1,21,8,16,30
12/04/2013,1,1,6,21,8,16
12/05/2013,1,1,13,6,21,8
12/06/2013,1,1,15,13,6,21
12/07/2013,1,1,17,15,13,6
12/08/2013,1,1,17,17,15,13
12/09/2013,1,1,8,17,17,15
12/10/2013,1,1,14,8,17,17
12/11/2013,1,1,7,14,8,17
12/12/2013,1,1,5,7,14,8
12/13/2013,1,1,13,5,7,14
12/14/2013,1,1,16,13,5,7
12/15/2013,1,1,15,16,13,5
12/16/2013,1,1,15,15,16,13
12/17/2013,1,1,8,15,15,16
12/18/2013,1,1,18,8,15,15
12/19/2013,1,1,7,18,8,15
12/20/2013,1,1,13,7,18,8
12/21/2013,1,1,11,13,7,18
12/22/2013,1,1,9,11,13,7
12/23/2013,1,1,8,9,11,13
12/24/2013,1,1,17,8,9,11
12/25/2013,1,1,6,17,8,9
12/26/2013,1,1,16,6,17,8
12/27/2013,1,1,18,16,6,17
12/28/2013,1,1,17,18,16,6
12/29/2013,1,1,14,17,18,16
12/30/2013,1,1,5,14,17,18
12/31/2013,1,1,15,5,14,17
01/01/2014,1,1,9,15,5,14
01/02/2014,1,1,14,9,15,5
01/03/2014,1,1,11,14,9,15
01/04/2014,1,1,20,11,14,9
01/05/2014,1,1,17,20,11,14
01/06/2014,1,1,14,17,20,11
01/07/2014,1,1,11,14,17,20
01/08/2014,1,1,12,11,14,17
01/09/2014,1,1,17,12,11,14
01/10/2014,1,1,12,17,12,11
01/11/2014,1,1,17,12,17,12
01/12/2014,1,1,12,17,12,17
01/13/2014,1,1,12,12,17,12
01/14/2014,1,1,17,12,12,17
01/15/2014,1,1,17,17,12,12
01/16/2014,1,1,15,17,17,12
01/17/2014,1,1,18,15,17,17
01/18/2014,1,1,15,18,15,17
01/19/2014,1,1,12,15,18,15
01/20/2014,1,1,6,12,15,18
01/21/2014,1,1,7,6,12,15
01/22/2014,1,1,21,7,6,12
01/23/2014,1,1,18,21,7,6
01/24/2014,1,1,18,18,21,7
01/25/2014,1,1,21,18,18,21
01/26/2014,1,1,16,21,18,18
01/27/2014,1,1,8,16,21,18
01/28/2014,1,1,6,8,16,21
01/29/2014,1,1,13,6,8,16
01/30/2014,1,1,11,13,6,8
01/31/2014,1,1,18,11,13,6
02/01/2014,1,1,13,18,11,13
02/02/2014,1,1,16,13,18,11
02/03/2014,1,1,10,16,13,18
02/04/2014,1,1,9,10,16,13
02/05/2014,1,1,21,9,10,16
02/06/2014,1,1,17,21,9,10
02/07/2014,1,1,15,17,21,9
02/08/2014,1,1,15,15,17,21
02/09/2014,1,1,18,15,15,17
02/10/2014,1,1,10,18,15,15
02/11/2014,1,1,10,10,18,15
02/12/2014,1,1,9,10,10,18
02/13/2014,1,1,22,9,10,10
02/14/2014,1,1,20,22,9,10
02/15/2014,1,1,20,20,22,9
02/16/2014,1,1,13,20,20,22
02/17/2014,1,1,11,13,20,20
02/18/2014,1,1,11,11,13,20
02/19/2014,1,1,16,11,11,13
02/20/2014,1,1,19,16,11,11
02/21/2014,1,1,16,19,16,11
02/22/2014,1,1,17,16,19,16
02/23/2014,1,1,13,17,16,19
02/24/2014,1,1,7,13,17,16
02/25/2014,1,1,14,7,13,17
02/26/2014,1,1,17,14,7,13
02/27/2014,1,1,10,17,14,7
02/28/2014,1,1,16,10,17,14
03/01/2014,1,1,20,16,10,17
03/02/2014,1,1,15,20,16,10
03/03/2014,1,1,12,15,20,16
03/04/2014,1,1,11,12,15,20
03/05/2014,1,1,18,11,12,15
03/06/2014,1,1,19,18,11,12
03/07/2014,1,1,21,19,18,11
03/08/2014,1,1,14,21,19,18
03/09/2014,1,1,21,14,21,19
03/10/2014,1,1,13,21,14,21
03/11/2014,1,1,14,13,21,14
03/12/2014,1,1,24,14,13,21
03/13/2014,1,1,17,24,14,13
03/14/2014,1,1,16,17,24,14
03/15/2014,1,1,22,16,17,24
03/16/2014,1,1,31,22,16,17
03/17/2014,1,1,19,31,22,16
03/18/2014,1,1,17,19,31,22
03/19/2014,1,1,24,17,19,31
03/20/2014,1,1,21,24,17,19
03/21/2014,1,1,18,21,24,17
03/22/2014,1,1,20,18,21,24
03/23/2014,1,1,25,20,18,21
03/24/2014,1,1,4,25,20,18
03/25/2014,1,1,15,4,25,20
03/26/2014,1,1,17,15,4,25
03/27/2014,1,1,17,17,15,4
03/28/2014,1,1,16,17,17,15
03/29/2014,1,1,18,16,17,17
03/30/2014,1,1,15,18,16,17
03/31/2014,1,1,15,15,18,16
04/01/2014,1,1,19,15,15,18
04/02/2014,1,1,11,19,15,15
04/03/2014,1,1,16,11,19,15
04/04/2014,1,1,17,16,11,19
04/05/2014,1,1,21,17,16,11
04/06/2014,1,1,26,21,17,16
04/07/2014,1,1,19,26,21,17
04/08/2014,1,1,19,19,26,21
04/09/2014,1,1,20,19,19,26
04/10/2014,1,1,18,20,19,19
04/11/2014,1,1,23,18,20,19
04/12/2014,1,1,19,23,18,20
04/13/2014,1,1,22,19,23,18
04/14/2014,1,1,20,22,19,23
04/15/2014,1,1,22,20,22,19
04/16/2014,1,1,20,22,20,22
04/17/2014,1,1,18,20,22,20
04/18/2014,1,1,20,18,20,22
04/19/2014,1,1,22,20,18,20
04/20/2014,1,1,22,22,20,18
04/21/2014,1,1,17,22,22,20
04/22/2014,1,1,12,17,22,22
04/23/2014,1,1,16,12,17,22
04/24/2014,1,1,25,16,12,17
04/25/2014,1,1,22,25,16,12
04/26/2014,1,1,21,22,25,16
04/27/2014,1,1,20,21,22,25
04/28/2014,1,1,15,20,21,22
04/29/2014,1,1,18,15,20,21
04/30/2014,1,1,13,18,15,20
05/01/2014,1,1,22,13,18,15
05/02/2014,1,1,19,22,13,18
05/03/2014,1,1,22,19,22,13
05/04/2014,1,1,23,22,19,22
05/05/2014,1,1,21,23,22,19
05/06/2014,1,1,19,21,23,22
05/07/2014,1,1,21,19,21,23
05/08/2014,1,1,15,21,19,21
05/09/2014,1,1,18,15,21,19
05/10/2014,1,1,16,18,15,21
05/11/2014,1,1,27,16,18,15
05/12/2014,1,1,16,27,16,18
05/13/2014,1,1,22,16,27,16
05/14/2014,1,1,21,22,16,27
05/15/2014,1,1,22,21,22,16
05/16/2014,1,1,23,22,21,22
05/17/2014,1,1,18,23,22,21
05/18/2014,1,1,36,18,23,22
05/19/2014,1,1,12,36,18,23
05/20/2014,1,1,23,12,36,18
05/21/2014,1,1,16,23,12,36
05/22/2014,1,1,25,16,23,12
05/23/2014,1,1,28,25,16,23
05/24/2014,1,1,25,28,25,16
05/25/2014,1,1,20,25,28,25
05/26/2014,1,1,15,20,25,28
05/27/2014,1,1,13,15,20,25
05/28/2014,1,1,13,13,15,20
05/29/2014,1,1,20,13,13,15
05/30/2014,1,1,29,20,13,13
05/31/2014,1,1,31,29,20,13
06/01/2014,1,1,24,31,29,20
06/02/2014,1,1,16,24,31,29
06/03/2014,1,1,23,16,24,31
06/04/2014,1,1,20,23,16,24
06/05/2014,1,1,24,20,23,16
06/06/2014,1,1,23,24,20,23
06/07/2014,1,1,27,23,24,20
06/08/2014,1,1,29,27,23,24
06/09/2014,1,1,18,29,27,23
06/10/2014,1,1,14,18,29,27
06/11/2014,1,1,22,14,18,29
06/12/2014,1,1,22,22,14,18
06/13/2014,1,1,25,22,22,14
06/14/2014,1,1,29,25,22,22
06/15/2014,1,1,33,29,25,22
06/16/2014,1,1,25,33,29,25
06/17/2014,1,1,32,25,33,29
06/18/2014,1,1,20,32,25,33
06/19/2014,1,1,22,20,32,25
06/20/2014,1,1,19,22,20,32
06/21/2014,1,1,26,19,22,20
06/22/2014,1,1,37,26,19,22
06/23/2014,1,1,19,37,26,19
06/24/2014,1,1,24,19,37,26
06/25/2014,1,1,21,24,19,37
06/26/2014,1,1,18,21,24,19
06/27/2014,1,1,29,18,21,24
06/28/2014,1,1,34,29,18,21
06/29/2014,1,1,19,34,29,18
06/30/2014,1,1,16,19,34,29
07/01/2014,1,1,16,16,19,34
07/02/2014,1,1,24,16,16,19
07/03/2014,1,1,25,24,16,16
07/04/2014,1,1,28,25,24,16
07/05/2014,1,1,25,28,25,24
07/06/2014,1,1,34,25,28,25
07/07/2014,1,1,16,34,25,28
07/08/2014,1,1,25,16,34,25
07/09/2014,1,1,27,25,16,34
07/10/2014,1,1,23,27,25,16
07/11/2014,1,1,25,23,27,25
07/12/2014,1,1,22,25,23,27
07/13/2014,1,1,24,22,25,23
07/14/2014,1,1,21,24,22,25
07/15/2014,1,1,24,21,24,22
07/16/2014,1,1,17,24,21,24
07/17/2014,1,1,26,17,24,21
07/18/2014,1,1,25,26,17,24
07/19/2014,1,1,31,25,26,17
07/20/2014,1,1,26,31,25,26
07/21/2014,1,1,21,26,31,25
07/22/2014,1,1,30,21,26,31
07/23/2014,1,1,19,30,21,26
07/24/2014,1,1,26,19,30,21
07/25/2014,1,1,24,26,19,30
07/26/2014,1,1,29,24,26,19
07/27/2014,1,1,35,29,24,26
07/28/2014,1,1,11,35,29,24
07/29/2014,1,1,19,11,35,29
07/30/2014,1,1,25,19,11,35
07/31/2014,1,1,23,25,19,11
08/01/2014,1,1,12,23,25,19
08/02/2014,1,1,23,12,23,25
08/03/2014,1,1,27,23,12,23
08/04/2014,1,1,20,27,23,12
08/05/2014,1,1,19,20,27,23
08/06/2014,1,1,25,19,20,27
08/07/2014,1,1,21,25,19,20
08/08/2014,1,1,27,21,25,19
08/09/2014,1,1,27,27,21,25
08/10/2014,1,1,22,27,27,21
08/11/2014,1,1,22,22,27,27
08/12/2014,1,1,20,22,22,27
08/13/2014,1,1,11,20,22,22
08/14/2014,1,1,17,11,20,22
08/15/2014,1,1,21,17,11,20
08/16/2014,1,1,20,21,17,11
08/17/2014,1,1,31,20,21,17
08/18/2014,1,1,25,31,20,21
08/19/2014,1,1,15,25,31,20
08/20/2014,1,1,21,15,25,31
08/21/2014,1,1,20,21,15,25
08/22/2014,1,1,21,20,21,15
08/23/2014,1,1,26,21,20,21
08/24/2014,1,1,26,26,21,20
08/25/2014,1,1,12,26,26,21
08/26/2014,1,1,25,12,26,26
08/27/2014,1,1,21,25,12,26
08/28/2014,1,1,19,21,25,12
08/29/2014,1,1,17,19,21,25
08/30/2014,1,1,30,17,19,21
08/31/2014,1,1,28,30,17,19
09/01/2014,1,1,16,28,30,17
09/02/2014,1,1,15,16,28,30
09/03/2014,1,1,22,15,16,28
09/04/2014,1,1,26,22,15,16
09/05/2014,1,1,27,26,22,15
09/06/2014,1,1,21,27,26,22
09/07/2014,1,1,25,21,27,26
09/08/2014,1,1,12,25,21,27
09/09/2014,1,1,22,12,25,21
09/10/2014,1,1,16,22,12,25
09/11/2014,1,1,15,16,22,12
09/12/2014,1,1,25,15,16,22
09/13/2014,1,1,17,25,15,16
09/14/2014,1,1,26,17,25,15
09/15/2014,1,1,12,26,17,25
09/16/2014,1,1,15,12,26,17
09/17/2014,1,1,17,15,12,26
09/18/2014,1,1,18,17,15,12
09/19/2014,1,1,21,18,17,15
09/20/2014,1,1,21,21,18,17
09/21/2014,1,1,20,21,21,18
09/22/2014,1,1,15,20,21,21
09/23/2014,1,1,20,15,20,21
09/24/2014,1,1,14,20,15,20
09/25/2014,1,1,17,14,20,15
09/26/2014,1,1,23,17,14,20
09/27/2014,1,1,13,23,17,14
09/28/2014,1,1,22,13,23,17
09/29/2014,1,1,18,22,13,23
09/30/2014,1,1,15,18,22,13
10/01/2014,1,1,12,15,18,22
10/02/2014,1,1,15,12,15,18
10/03/2014,1,1,24,15,12,15
10/04/2014,1,1,27,24,15,12
10/05/2014,1,1,33,27,24,15
10/06/2014,1,1,9,33,27,24
10/07/2014,1,1,10,9,33,27
10/08/2014,1,1,25,10,9,33
10/09/2014,1,1,18,25,10,9
10/10/2014,1,1,19,18,25,10
10/11/2014,1,1,28,19,18,25
10/12/2014,1,1,29,28,19,18
10/13/2014,1,1,6,29,28,19
10/14/2014,1,1,20,6,29,28
10/15/2014,1,1,21,20,6,29
10/16/2014,1,1,17,21,20,6
10/17/2014,1,1,18,17,21,20
10/18/2014,1,1,22,18,17,21
10/19/2014,1,1,13,22,18,17
10/20/2014,1,1,8,13,22,18
10/21/2014,1,1,19,8,13,22
10/22/2014,1,1,14,19,8,13
10/23/2014,1,1,18,14,19,8
10/24/2014,1,1,17,18,14,19
10/25/2014,1,1,21,17,18,14
10/26/2014,1,1,22,21,17,18
10/27/2014,1,1,15,22,21,17
10/28/2014,1,1,12,15,22,21
10/29/2014,1,1,11,12,15,22
10/30/2014,1,1,12,11,12,15
10/31/2014,1,1,20,12,11,12
11/01/2014,1,1,17,20,12,11
11/02/2014,1,1,33,17,20,12
11/03/2014,1,1,16,33,17,20
11/04/2014,1,1,16,16,33,17
11/05/2014,1,1,15,16,16,33
11/06/2014,1,1,22,15,16,16
11/07/2014,1,1,22,22,15,16
11/08/2014,1,1,12,22,22,15
11/09/2014,1,1,28,12,22,22
11/10/2014,1,1,16,28,12,22
11/11/2014,1,1,12,16,28,12
11/12/2014,1,1,18,12,16,28
11/13/2014,1,1,18,18,12,16
11/14/2014,1,1,25,18,18,12
11/15/2014,1,1,24,25,18,18
11/16/2014,1,1,18,24,25,18
11/17/2014,1,1,17,18,24,25
11/18/2014,1,1,18,17,18,24
11/19/2014,1,1,19,18,17,18
11/20/2014,1,1,17,19,18,17
11/21/2014,1,1,28,17,19,18
11/22/2014,1,1,20,28,17,19
11/23/2014,1,1,29,20,28,17
11/24/2014,1,1,18,29,20,28
11/25/2014,1,1,19,18,29,20
11/26/2014,1,1,23,19,18,29
11/27/2014,1,1,23,23,19,18
11/28/2014,1,1,24,23,23,19
11/29/2014,1,1,28,24,23,23
11/30/2014,1,1,24,28,24,23
12/01/2014,1,1,10,24,28,24
12/02/2014,1,1,17,10,24,28
12/03/2014,1,1,9,17,10,24
12/04/2014,1,1,10,9,17,10
12/05/2014,1,1,14,10,9,17
12/06/2014,1,1,16,14,10,9
12/07/2014,1,1,11,16,14,10
12/08/2014,1,1,13,11,16,14
12/09/2014,1,1,13,13,11,16
12/10/2014,1,1,14,13,13,11
12/11/2014,1,1,12,14,13,13
12/12/2014,1,1,10,12,14,13
12/13/2014,1,1,16,10,12,14
12/14/2014,1,1,13,16,10,12
12/15/2014,1,1,14,13,16,10
12/16/2014,1,1,11,14,13,16
12/17/2014,1,1,15,11,14,13
12/18/2014,1,1,10,15,11,14
12/19/2014,1,1,11,10,15,11
12/20/2014,1,1,19,11,10,15
12/21/2014,1,1,18,19,11,10
12/22/2014,1,1,8,18,19,11
12/23/2014,1,1,13,8,18,19
12/24/2014,1,1,16,13,8,18
12/25/2014,1,1,20,16,13,8
12/26/2014,1,1,12,20,16,13
12/27/2014,1,1,15,12,20,16
12/28/2014,1,1,17,15,12,20
12/29/2014,1,1,9,17,15,12
12/30/2014,1,1,11,9,17,15
12/31/2014,1,1,12,11,9,17
01/01/2015,1,1,11,12,11,9
01/02/2015,1,1,19,11,12,11
01/03/2015,1,1,16,19,11,12
01/04/2015,1,1,14,16,19,11
01/05/2015,1,1,14,14,16,19
01/06/2015,1,1,9,14,14,16
01/07/2015,1,1,13,9,14,14
01/08/2015,1,1,18,13,9,14
01/09/2015,1,1,18,18,13,9
01/10/2015,1,1,17,18,18,13
01/11/2015,1,1,19,17,18,18
01/12/2015,1,1,9,19,17,18
01/13/2015,1,1,9,9,19,17
01/14/2015,1,1,15,9,9,19
01/15/2015,1,1,10,15,9,9
01/16/2015,1,1,15,10,15,9
01/17/2015,1,1,16,15,10,15
01/18/2015,1,1,15,16,15,10
01/19/2015,1,1,12,15,16,15
01/20/2015,1,1,12,12,15,16
01/21/2015,1,1,10,12,12,15
01/22/2015,1,1,8,10,12,12
01/23/2015,1,1,14,8,10,12
01/24/2015,1,1,20,14,8,10
01/25/2015,1,1,19,20,14,8
01/26/2015,1,1,12,19,20,14
01/27/2015,1,1,13,12,19,20
01/28/2015,1,1,13,13,12,19
01/29/2015,1,1,7,13,13,12
01/30/2015,1,1,12,7,13,13
01/31/2015,1,1,19,12,7,13
02/01/2015,1,1,17,19,12,7
02/02/2015,1,1,6,17,19,12
02/03/2015,1,1,10,6,17,19
02/04/2015,1,1,8,10,6,17
02/05/2015,1,1,18,8,10,6
02/06/2015,1,1,13,18,8,10
02/07/2015,1,1,13,13,18,8
02/08/2015,1,1,18,13,13,18
02/09/2015,1,1,12,18,13,13
02/10/2015,1,1,15,12,18,13
02/11/2015,1,1,19,15,12,18
02/12/2015,1,1,15,19,15,12
02/13/2015,1,1,13,15,19,15
02/14/2015,1,1,11,13,15,19
02/15/2015,1,1,18,11,13,15
02/16/2015,1,1,14,18,11,13
02/17/2015,1,1,16,14,18,11
02/18/2015,1,1,16,16,14,18
02/19/2015,1,1,11,16,16,14
02/20/2015,1,1,10,11,16,16
02/21/2015,1,1,19,10,11,16
02/22/2015,1,1,24,19,10,11
02/23/2015,1,1,9,24,19,10
02/24/2015,1,1,8,9,24,19
02/25/2015,1,1,13,8,9,24
02/26/2015,1,1,18,13,8,9
02/27/2015,1,1,17,18,13,8
02/28/2015,1,1,18,17,18,13
03/01/2015,1,1,18,18,17,18
03/02/2015,1,1,17,18,18,17
03/03/2015,1,1,14,17,18,18
03/04/2015,1,1,19,14,17,18
03/05/2015,1,1,10,19,14,17
03/06/2015,1,1,17,10,19,14
03/07/2015,1,1,16,17,10,19
03/08/2015,1,1,13,16,17,10
03/09/2015,1,1,13,13,16,17
03/10/2015,1,1,23,13,13,16
03/11/2015,1,1,21,23,13,13
03/12/2015,1,1,24,21,23,13
03/13/2015,1,1,25,24,21,23
03/14/2015,1,1,15,25,24,21
03/15/2015,1,1,20,15,25,24
03/16/2015,1,1,13,20,15,25
03/17/2015,1,1,15,13,20,15
03/18/2015,1,1,16,15,13,20
03/19/2015,1,1,17,16,15,13
03/20/2015,1,1,31,17,16,15
03/21/2015,1,1,25,31,17,16
03/22/2015,1,1,23,25,31,17
03/23/2015,1,1,16,23,25,31
03/24/2015,1,1,18,16,23,25
03/25/2015,1,1,13,18,16,23
03/26/2015,1,1,10,13,18,16
03/27/2015,1,1,16,10,13,18
03/28/2015,1,1,12,16,10,13
03/29/2015,1,1,25,12,16,10
03/30/2015,1,1,19,25,12,16
03/31/2015,1,1,18,19,25,12
04/01/2015,1,1,24,18,19,25
04/02/2015,1,1,20,24,18,19
04/03/2015,1,1,27,20,24,18
04/04/2015,1,1,26,27,20,24
04/05/2015,1,1,20,26,27,20
04/06/2015,1,1,20,20,26,27
04/07/2015,1,1,19,20,20,26
04/08/2015,1,1,17,19,20,20
04/09/2015,1,1,20,17,19,20
04/10/2015,1,1,24,20,17,19
04/11/2015,1,1,17,24,20,17
04/12/2015,1,1,21,17,24,20
04/13/2015,1,1,14,21,17,24
04/14/2015,1,1,26,14,21,17
04/15/2015,1,1,26,26,14,21
04/16/2015,1,1,20,26,26,14
04/17/2015,1,1,22,20,26,26
04/18/2015,1,1,23,22,20,26
04/19/2015,1,1,24,23,22,20
04/20/2015,1,1,17,24,23,22
04/21/2015,1,1,25,17,24,23
04/22/2015,1,1,19,25,17,24
04/23/2015,1,1,17,19,25,17
04/24/2015,1,1,11,17,19,25
04/25/2015,1,1,29,11,17,19
04/26/2015,1,1,30,29,11,17
04/27/2015,1,1,22,30,29,11
04/28/2015,1,1,27,22,30,29
04/29/2015,1,1,18,27,22,30
04/30/2015,1,1,27,18,27,22
05/01/2015,1,1,20,27,18,27
05/02/2015,1,1,22,20,27,18
05/03/2015,1,1,33,22,20,27
05/04/2015,1,1,14,33,22,20
05/05/2015,1,1,25,14,33,22
05/06/2015,1,1,13,25,14,33
05/07/2015,1,1,23,13,25,14
05/08/2015,1,1,22,23,13,25
05/09/2015,1,1,29,22,23,13
05/10/2015,1,1,29,29,22,23
05/11/2015,1,1,24,29,29,22
05/12/2015,1,1,21,24,29,29
05/13/2015,1,1,14,21,24,29
05/14/2015,1,1,17,14,21,24
05/15/2015,1,1,27,17,14,21
05/16/2015,1,1,31,27,17,14
05/17/2015,1,1,27,31,27,17
05/18/2015,1,1,11,27,31,27
05/19/2015,1,1,28,11,27,31
05/20/2015,1,1,17,28,11,27
05/21/2015,1,1,27,17,28,11
05/22/2015,1,1,22,27,17,28
05/23/2015,1,1,24,22,27,17
05/24/2015,1,1,27,24,22,27
05/25/2015,1,1,19,27,24,22
05/26/2015,1,1,19,19,27,24
05/27/2015,1,1,22,19,19,27
05/28/2015,1,1,23,22,19,19
05/29/2015,1,1,18,23,22,19
05/30/2015,1,1,36,18,23,22
05/31/2015,1,1,27,36,18,23
06/01/2015,1,1,23,27,36,18
06/02/2015,1,1,15,23,27,36
06/03/2015,1,1,23,15,23,27
06/04/2015,1,1,25,23,15,23
06/05/2015,1,1,18,25,23,15
06/06/2015,1,1,43,18,25,23
06/07/2015,1,1,22,43,18,25
06/08/2015,1,1,18,22,43,18
06/09/2015,1,1,19,18,22,43
06/10/2015,1,1,22,19,18,22
06/11/2015,1,1,29,22,19,18
06/12/2015,1,1,23,29,22,19
06/13/2015,1,1,28,23,29,22
06/14/2015,1,1,30,28,23,29
06/15/2015,1,1,19,30,28,23
06/16/2015,1,1,17,19,30,28
06/17/2015,1,1,28,17,19,30
06/18/2015,1,1,29,28,17,19
06/19/2015,1,1,20,29,28,17
06/20/2015,1,1,30,20,29,28
06/21/2015,1,1,34,30,20,29
06/22/2015,1,1,14,34,30,20
06/23/2015,1,1,27,14,34,30
06/24/2015,1,1,26,27,14,34
06/25/2015,1,1,21,26,27,14
06/26/2015,1,1,30,21,26,27
06/27/2015,1,1,31,30,21,26
06/28/2015,1,1,35,31,30,21
06/29/2015,1,1,26,35,31,30
06/30/2015,1,1,23,26,35,31
07/01/2015,1,1,21,23,26,35
07/02/2015,1,1,26,21,23,26
07/03/2015,1,1,30,26,21,23
07/04/2015,1,1,40,30,26,21
07/05/2015,1,1,30,40,30,26
07/06/2015,1,1,20,30,40,30
07/07/2015,1,1,24,20,30,40
07/08/2015,1,1,21,24,20,30
07/09/2015,1,1,33,21,24,20
07/10/2015,1,1,26,33,21,24
07/11/2015,1,1,30,26,33,21
07/12/2015,1,1,19,30,26,33
07/13/2015,1,1,22,19,30,26
07/14/2015,1,1,19,22,19,30
07/15/2015,1,1,20,19,22,19
07/16/2015,1,1,41,20,19,22
07/17/2015,1,1,31,41,20,19
07/18/2015,1,1,38,31,41,20
07/19/2015,1,1,38,38,31,41
07/20/2015,1,1,22,38,38,31
07/21/2015,1,1,29,22,38,38
07/22/2015,1,1,27,29,22,38
07/23/2015,1,1,17,27,29,22
07/24/2015,1,1,29,17,27,29
07/25/2015,1,1,34,29,17,27
07/26/2015,1,1,38,34,29,17
07/27/2015,1,1,13,38,34,29
07/28/2015,1,1,27,13,38,34
07/29/2015,1,1,26,27,13,38
07/30/2015,1,1,22,26,27,13
07/31/2015,1,1,29,22,26,27
08/01/2015,1,1,28,29,22,26
08/02/2015,1,1,19,28,29,22
08/03/2015,1,1,20,19,28,29
08/04/2015,1,1,26,20,19,28
08/05/2015,1,1,20,26,20,19
08/06/2015,1,1,25,20,26,20
08/07/2015,1,1,22,25,20,26
08/08/2015,1,1,19,22,25,20
08/09/2015,1,1,33,19,22,25
08/10/2015,1,1,14,33,19,22
08/11/2015,1,1,16,14,33,19
08/12/2015,1,1,24,16,14,33
08/13/2015,1,1,25,24,16,14
08/14/2015,1,1,23,25,24,16
08/15/2015,1,1,26,23,25,24
08/16/2015,1,1,27,26,23,25
08/17/2015,1,1,14,27,26,23
08/18/2015,1,1,18,14,27,26
08/19/2015,1,1,24,18,14,27
08/20/2015,1,1,17,24,18,14
08/21/2015,1,1,29,17,24,18
08/22/2015,1,1,22,29,17,24
08/23/2015,1,1,19,22,29,17
08/24/2015,1,1,19,19,22,29
08/25/2015,1,1,22,19,19,22
08/26/2015,1,1,26,22,19,19
08/27/2015,1,1,23,26,22,19
08/28/2015,1,1,25,23,26,22
08/29/2015,1,1,36,25,23,26
08/30/2015,1,1,25,36,25,23
08/31/2015,1,1,20,25,36,25
09/01/2015,1,1,27,20,25,36
09/02/2015,1,1,22,27,20,25
09/03/2015,1,1,16,22,27,20
09/04/2015,1,1,16,16,22,27
09/05/2015,1,1,34,16,16,22
09/06/2015,1,1,25,34,16,16
09/07/2015,1,1,17,25,34,16
09/08/2015,1,1,25,17,25,34
09/09/2015,1,1,13,25,17,25
09/10/2015,1,1,25,13,25,17
09/11/2015,1,1,28,25,13,25
09/12/2015,1,1,24,28,25,13
09/13/2015,1,1,28,24,28,25
09/14/2015,1,1,22,28,24,28
09/15/2015,1,1,21,22,28,24
09/16/2015,1,1,23,21,22,28
09/17/2015,1,1,19,23,21,22
09/18/2015,1,1,16,19,23,21
09/19/2015,1,1,40,16,19,23
09/20/2015,1,1,28,40,16,19
09/21/2015,1,1,18,28,40,16
09/22/2015,1,1,20,18,28,40
09/23/2015,1,1,22,20,18,28
09/24/2015,1,1,28,22,20,18
09/25/2015,1,1,20,28,22,20
09/26/2015,1,1,20,20,28,22
09/27/2015,1,1,32,20,20,28
09/28/2015,1,1,15,32,20,20
09/29/2015,1,1,19,15,32,20
09/30/2015,1,1,15,19,15,32
10/01/2015,1,1,25,15,19,15
10/02/2015,1,1,12,25,15,19
10/03/2015,1,1,20,12,25,15
10/04/2015,1,1,22,20,12,25
10/05/2015,1,1,13,22,20,12
10/06/2015,1,1,14,13,22,20
10/07/2015,1,1,19,14,13,22
10/08/2015,1,1,21,19,14,13
10/09/2015,1,1,27,21,19,14
10/10/2015,1,1,22,27,21,19
10/11/2015,1,1,25,22,27,21
10/12/2015,1,1,12,25,22,27
10/13/2015,1,1,24,12,25,22
10/14/2015,1,1,26,24,12,25
10/15/2015,1,1,19,26,24,12
10/16/2015,1,1,23,19,26,24
10/17/2015,1,1,22,23,19,26
10/18/2015,1,1,25,22,23,19
10/19/2015,1,1,19,25,22,23
10/20/2015,1,1,21,19,25,22
10/21/2015,1,1,24,21,19,25
10/22/2015,1,1,17,24,21,19
10/23/2015,1,1,28,17,24,21
10/24/2015,1,1,24,28,17,24
10/25/2015,1,1,33,24,28,17
10/26/2015,1,1,18,33,24,28
10/27/2015,1,1,18,18,33,24
10/28/2015,1,1,8,18,18,33
10/29/2015,1,1,17,8,18,18
10/30/2015,1,1,19,17,8,18
10/31/2015,1,1,30,19,17,8
11/01/2015,1,1,26,30,19,17
11/02/2015,1,1,16,26,30,19
11/03/2015,1,1,25,16,26,30
11/04/2015,1,1,26,25,16,26
11/05/2015,1,1,21,26,25,16
11/06/2015,1,1,24,21,26,25
11/07/2015,1,1,25,24,21,26
11/08/2015,1,1,25,25,24,21
11/09/2015,1,1,16,25,25,24
11/10/2015,1,1,15,16,25,25
11/11/2015,1,1,24,15,16,25
11/12/2015,1,1,19,24,15,16
11/13/2015,1,1,21,19,24,15
11/14/2015,1,1,37,21,19,24
11/15/2015,1,1,31,37,21,19
11/16/2015,1,1,14,31,37,21
11/17/2015,1,1,19,14,31,37
11/18/2015,1,1,30,19,14,31
11/19/2015,1,1,26,30,19,14
11/20/2015,1,1,27,26,30,19
11/21/2015,1,1,22,27,26,30
11/22/2015,1,1,30,22,27,26
11/23/2015,1,1,21,30,22,27
11/24/2015,1,1,20,21,30,22
11/25/2015,1,1,16,20,21,30
11/26/2015,1,1,19,16,20,21
11/27/2015,1,1,33,19,16,20
11/28/2015,1,1,24,33,19,16
11/29/2015,1,1,27,24,33,19
11/30/2015,1,1,5,27,24,33
12/01/2015,1,1,13,5,27,24
12/02/2015,1,1,12,13,5,27
12/03/2015,1,1,14,12,13,5
12/04/2015,1,1,29,14,12,13
12/05/2015,1,1,12,29,14,12
12/06/2015,1,1,14,12,29,14
12/07/2015,1,1,14,14,12,29
12/08/2015,1,1,13,14,14,12
12/09/2015,1,1,18,13,14,14
12/10/2015,1,1,14,18,13,14
12/11/2015,1,1,21,14,18,13
12/12/2015,1,1,23,21,14,18
12/13/2015,1,1,14,23,21,14
12/14/2015,1,1,10,14,23,21
12/15/2015,1,1,12,10,14,23
12/16/2015,1,1,19,12,10,14
12/17/2015,1,1,9,19,12,10
12/18/2015,1,1,19,9,19,12
12/19/2015,1,1,21,19,9,19
12/20/2015,1,1,17,21,19,9
12/21/2015,1,1,10,17,21,19
12/22/2015,1,1,13,10,17,21
12/23/2015,1,1,14,13,10,17
12/24/2015,1,1,7,14,13,10
12/25/2015,1,1,19,7,14,13
12/26/2015,1,1,13,19,7,14
12/27/2015,1,1,17,13,19,7
12/28/2015,1,1,4,17,13,19
12/29/2015,1,1,12,4,17,13
12/30/2015,1,1,15,12,4,17
12/31/2015,1,1,18,15,12,4
01/01/2016,1,1,21,18,15,12
01/02/2016,1,1,13,21,18,15
01/03/2016,1,1,12,13,21,18
01/04/2016,1,1,12,12,13,21
01/05/2016,1,1,12,12,12,13
01/06/2016,1,1,16,12,12,12
01/07/2016,1,1,12,16,12,12
01/08/2016,1,1,12,12,16,12
01/09/2016,1,1,16,12,12,16
01/10/2016,1,1,26,16,12,12
01/11/2016,1,1,7,26,16,12
01/12/2016,1,1,13,7,26,16
01/13/2016,1,1,9,13,7,26
01/14/2016,1,1,18,9,13,7
01/15/2016,1,1,13,18,9,13
01/16/2016,1,1,8,13,18,9
01/17/2016,1,1,13,8,13,18
01/18/2016,1,1,7,13,8,13
01/19/2016,1,1,17,7,13,8
01/20/2016,1,1,13,17,7,13
01/21/2016,1,1,12,13,17,7
01/22/2016,1,1,15,12,13,17
01/23/2016,1,1,23,15,12,13
01/24/2016,1,1,21,23,15,12
01/25/2016,1,1,15,21,23,15
01/26/2016,1,1,18,15,21,23
01/27/2016,1,1,14,18,15,21
01/28/2016,1,1,17,14,18,15
01/29/2016,1,1,16,17,14,18
01/30/2016,1,1,14,16,17,14
01/31/2016,1,1,14,14,16,17
02/01/2016,1,1,16,14,14,16
02/02/2016,1,1,16,16,14,14
02/03/2016,1,1,19,16,16,14
02/04/2016,1,1,9,19,16,16
02/05/2016,1,1,14,9,19,16
02/06/2016,1,1,14,14,9,19
02/07/2016,1,1,18,14,14,9
02/08/2016,1,1,12,18,14,14
02/09/2016,1,1,14,12,18,14
02/10/2016,1,1,16,14,12,18
02/11/2016,1,1,14,16,14,12
02/12/2016,1,1,15,14,16,14
02/13/2016,1,1,10,15,14,16
02/14/2016,1,1,23,10,15,14
02/15/2016,1,1,8,23,10,15
02/16/2016,1,1,19,8,23,10
02/17/2016,1,1,29,19,8,23
02/18/2016,1,1,17,29,19,8
02/19/2016,1,1,18,17,29,19
02/20/2016,1,1,18,18,17,29
02/21/2016,1,1,21,18,18,17
02/22/2016,1,1,16,21,18,18
02/23/2016,1,1,16,16,21,18
02/24/2016,1,1,10,16,16,21
02/25/2016,1,1,12,10,16,16
02/26/2016,1,1,9,12,10,16
02/27/2016,1,1,21,9,12,10
02/28/2016,1,1,12,21,9,12
02/29/2016,1,1,14,12,21,9
03/01/2016,1,1,16,14,12,21
03/02/2016,1,1,17,16,14,12
03/03/2016,1,1,20,17,16,14
03/04/2016,1,1,17,20,17,16
03/05/2016,1,1,17,17,20,17
03/06/2016,1,1,22,17,17,20
03/07/2016,1,1,17,22,17,17
03/08/2016,1,1,9,17,22,17
03/09/2016,1,1,18,9,17,22
03/10/2016,1,1,15,18,9,17
03/11/2016,1,1,22,15,18,9
03/12/2016,1,1,17,22,15,18
03/13/2016,1,1,23,17,22,15
03/14/2016,1,1,13,23,17,22
03/15/2016,1,1,11,13,23,17
03/16/2016,1,1,23,11,13,23
03/17/2016,1,1,19,23,11,13
03/18/2016,1,1,21,19,23,11
03/19/2016,1,1,25,21,19,23
03/20/2016,1,1,25,25,21,19
03/21/2016,1,1,22,25,25,21
03/22/2016,1,1,17,22,25,25
03/23/2016,1,1,19,17,22,25
03/24/2016,1,1,18,19,17,22
03/25/2016,1,1,27,18,19,17
03/26/2016,1,1,22,27,18,19
03/27/2016,1,1,28,22,27,18
03/28/2016,1,1,16,28,22,27
03/29/2016,1,1,22,16,28,22
03/30/2016,1,1,14,22,16,28
03/31/2016,1,1,17,14,22,16
04/01/2016,1,1,32,17,14,22
04/02/2016,1,1,24,32,17,14
04/03/2016,1,1,29,24,32,17
04/04/2016,1,1,18,29,24,32
04/05/2016,1,1,20,18,29,24
04/06/2016,1,1,25,20,18,29
04/07/2016,1,1,18,25,20,18
04/08/2016,1,1,23,18,25,20
04/09/2016,1,1,22,23,18,25
04/10/2016,1,1,36,22,23,18
04/11/2016,1,1,18,36,22,23
04/12/2016,1,1,30,18,36,22
04/13/2016,1,1,24,30,18,36
04/14/2016,1,1,22,24,30,18
04/15/2016,1,1,23,22,24,30
04/16/2016,1,1,22,23,22,24
04/17/2016,1,1,18,22,23,22
04/18/2016,1,1,23,18,22,23
04/19/2016,1,1,23,23,18,22
04/20/2016,1,1,18,23,23,18
04/21/2016,1,1,20,18,23,23
04/22/2016,1,1,22,20,18,23
04/23/2016,1,1,23,22,20,18
04/24/2016,1,1,26,23,22,20
04/25/2016,1,1,15,26,23,22
04/26/2016,1,1,20,15,26,23
04/27/2016,1,1,19,20,15,26
04/28/2016,1,1,21,19,20,15
04/29/2016,1,1,30,21,19,20
04/30/2016,1,1,30,30,21,19
05/01/2016,1,1,30,30,30,21
05/02/2016,1,1,18,30,30,30
05/03/2016,1,1,29,18,30,30
05/04/2016,1,1,24,29,18,30
05/05/2016,1,1,17,24,29,18
05/06/2016,1,1,23,17,24,29
05/07/2016,1,1,23,23,17,24
05/08/2016,1,1,26,23,23,17
05/09/2016,1,1,18,26,23,23
05/10/2016,1,1,29,18,26,23
05/11/2016,1,1,21,29,18,26
05/12/2016,1,1,19,21,29,18
05/13/2016,1,1,26,19,21,29
05/14/2016,1,1,30,26,19,21
05/15/2016,1,1,39,30,26,19
05/16/2016,1,1,13,39,30,26
05/17/2016,1,1,25,13,39,30
05/18/2016,1,1,33,25,13,39
05/19/2016,1,1,26,33,25,13
05/20/2016,1,1,28,26,33,25
05/21/2016,1,1,35,28,26,33
05/22/2016,1,1,32,35,28,26
05/23/2016,1,1,22,32,35,28
05/24/2016,1,1,26,22,32,35
05/25/2016,1,1,29,26,22,32
05/26/2016,1,1,17,29,26,22
05/27/2016,1,1,26,17,29,26
05/28/2016,1,1,33,26,17,29
05/29/2016,1,1,29,33,26,17
05/30/2016,1,1,18,29,33,26
05/31/2016,1,1,18,18,29,33
06/01/2016,1,1,24,18,18,29
06/02/2016,1,1,25,24,18,18
06/03/2016,1,1,38,25,24,18
06/04/2016,1,1,28,38,25,24
06/05/2016,1,1,35,28,38,25
06/06/2016,1,1,23,35,28,38
06/07/2016,1,1,22,23,35,28
06/08/2016,1,1,22,22,23,35
06/09/2016,1,1,24,22,22,23
06/10/2016,1,1,34,24,22,22
06/11/2016,1,1,31,34,24,22
06/12/2016,1,1,22,31,34,24
06/13/2016,1,1,22,22,31,34
06/14/2016,1,1,25,22,22,31
06/15/2016,1,1,22,25,22,22
06/16/2016,1,1,30,22,25,22
06/17/2016,1,1,22,30,22,25
06/18/2016,1,1,27,22,30,22
06/19/2016,1,1,28,27,22,30
06/20/2016,1,1,15,28,27,22
06/21/2016,1,1,25,15,28,27
06/22/2016,1,1,25,25,15,28
06/23/2016,1,1,23,25,25,15
06/24/2016,1,1,31,23,25,25
06/25/2016,1,1,31,31,23,25
06/26/2016,1,1,32,31,31,23
06/27/2016,1,1,26,32,31,31
06/28/2016,1,1,28,26,32,31
06/29/2016,1,1,25,28,26,32
06/30/2016,1,1,25,25,28,26
07/01/2016,1,1,42,25,25,28
07/02/2016,1,1,32,42,25,25
07/03/2016,1,1,35,32,42,25
07/04/2016,1,1,18,35,32,42
07/05/2016,1,1,31,18,35,32
07/06/2016,1,1,22,31,18,35
07/07/2016,1,1,33,22,31,18
07/08/2016,1,1,34,33,22,31
07/09/2016,1,1,35,34,33,22
07/10/2016,1,1,28,35,34,33
07/11/2016,1,1,18,28,35,34
07/12/2016,1,1,27,18,28,35
07/13/2016,1,1,30,27,18,28
07/14/2016,1,1,22,30,27,18
07/15/2016,1,1,33,22,30,27
07/16/2016,1,1,34,33,22,30
07/17/2016,1,1,37,34,33,22
07/18/2016,1,1,24,37,34,33
07/19/2016,1,1,25,24,37,34
07/20/2016,1,1,22,25,24,37
07/21/2016,1,1,34,22,25,24
07/22/2016,1,1,26,34,22,25
07/23/2016,1,1,34,26,34,22
07/24/2016,1,1,25,34,26,34
07/25/2016,1,1,21,25,34,26
07/26/2016,1,1,24,21,25,34
07/27/2016,1,1,28,24,21,25
07/28/2016,1,1,30,28,24,21
07/29/2016,1,1,30,30,28,24
07/30/2016,1,1,38,30,30,28
07/31/2016,1,1,31,38,30,30
08/01/2016,1,1,21,31,38,30
08/02/2016,1,1,22,21,31,38
08/03/2016,1,1,28,22,21,31
08/04/2016,1,1,34,28,22,21
08/05/2016,1,1,24,34,28,22
08/06/2016,1,1,20,24,34,28
08/07/2016,1,1,31,20,24,34
08/08/2016,1,1,11,31,20,24
08/09/2016,1,1,26,11,31,20
08/10/2016,1,1,21,26,11,31
08/11/2016,1,1,23,21,26,11
08/12/2016,1,1,16,23,21,26
08/13/2016,1,1,27,16,23,21
08/14/2016,1,1,36,27,16,23
08/15/2016,1,1,24,36,27,16
08/16/2016,1,1,15,24,36,27
08/17/2016,1,1,25,15,24,36
08/18/2016,1,1,26,25,15,24
08/19/2016,1,1,29,26,25,15
08/20/2016,1,1,30,29,26,25
08/21/2016,1,1,22,30,29,26
08/22/2016,1,1,15,22,30,29
08/23/2016,1,1,24,15,22,30
08/24/2016,1,1,32,24,15,22
08/25/2016,1,1,17,32,24,15
08/26/2016,1,1,25,17,32,24
08/27/2016,1,1,24,25,17,32
08/28/2016,1,1,34,24,25,17
08/29/2016,1,1,14,34,24,25
08/30/2016,1,1,14,14,34,24
08/31/2016,1,1,17,14,14,34
09/01/2016,1,1,18,17,14,14
09/02/2016,1,1,20,18,17,14
09/03/2016,1,1,31,20,18,17
09/04/2016,1,1,25,31,20,18
09/05/2016,1,1,32,25,31,20
09/06/2016,1,1,28,32,25,31
09/07/2016,1,1,18,28,32,25
09/08/2016,1,1,28,18,28,32
09/09/2016,1,1,26,28,18,28
09/10/2016,1,1,25,26,28,18
09/11/2016,1,1,24,25,26,28
09/12/2016,1,1,24,24,25,26
09/13/2016,1,1,24,24,24,25
09/14/2016,1,1,19,24,24,24
09/15/2016,1,1,20,19,24,24
09/16/2016,1,1,19,20,19,24
09/17/2016,1,1,19,19,20,19
09/18/2016,1,1,27,19,19,20
09/19/2016,1,1,19,27,19,19
09/20/2016,1,1,23,19,27,19
09/21/2016,1,1,25,23,19,27
09/22/2016,1,1,25,25,23,19
09/23/2016,1,1,24,25,25,23
09/24/2016,1,1,26,24,25,25
09/25/2016,1,1,27,26,24,25
09/26/2016,1,1,17,27,26,24
09/27/2016,1,1,18,17,27,26
09/28/2016,1,1,27,18,17,27
09/29/2016,1,1,28,27,18,17
09/30/2016,1,1,23,28,27,18
10/01/2016,1,1,25,23,28,27
10/02/2016,1,1,26,25,23,28
10/03/2016,1,1,20,26,25,23
10/04/2016,1,1,28,20,26,25
10/05/2016,1,1,17,28,20,26
10/06/2016,1,1,22,17,28,20
10/07/2016,1,1,19,22,17,28
10/08/2016,1,1,24,19,22,17
10/09/2016,1,1,29,24,19,22
10/10/2016,1,1,18,29,24,19
10/11/2016,1,1,18,18,29,24
10/12/2016,1,1,16,18,18,29
10/13/2016,1,1,16,16,18,18
10/14/2016,1,1,32,16,16,18
10/15/2016,1,1,32,32,16,16
10/16/2016,1,1,26,32,32,16
10/17/2016,1,1,20,26,32,32
10/18/2016,1,1,21,20,26,32
10/19/2016,1,1,20,21,20,26
10/20/2016,1,1,30,20,21,20
10/21/2016,1,1,25,30,20,21
10/22/2016,1,1,26,25,30,20
10/23/2016,1,1,21,26,25,30
10/24/2016,1,1,16,21,26,25
10/25/2016,1,1,13,16,21,26
10/26/2016,1,1,16,13,16,21
10/27/2016,1,1,25,16,13,16
10/28/2016,1,1,18,25,16,13
10/29/2016,1,1,23,18,25,16
10/30/2016,1,1,33,23,18,25
10/31/2016,1,1,24,33,23,18
11/01/2016,1,1,22,24,33,23
11/02/2016,1,1,23,22,24,33
11/03/2016,1,1,23,23,22,24
11/04/2016,1,1,22,23,23,22
11/05/2016,1,1,29,22,23,23
11/06/2016,1,1,18,29,22,23
11/07/2016,1,1,17,18,29,22
11/08/2016,1,1,19,17,18,29
11/09/2016,1,1,22,19,17,18
11/10/2016,1,1,18,22,19,17
11/11/2016,1,1,26,18,22,19
11/12/2016,1,1,26,26,18,22
11/13/2016,1,1,36,26,26,18
11/14/2016,1,1,17,36,26,26
11/15/2016,1,1,22,17,36,26
11/16/2016,1,1,20,22,17,36
11/17/2016,1,1,19,20,22,17
11/18/2016,1,1,21,19,20,22
11/19/2016,1,1,36,21,19,20
11/20/2016,1,1,22,36,21,19
11/21/2016,1,1,14,22,36,21
11/22/2016,1,1,18,14,22,36
11/23/2016,1,1,20,18,14,22
11/24/2016,1,1,18,20,18,14
11/25/2016,1,1,26,18,20,18
11/26/2016,1,1,20,26,18,20
11/27/2016,1,1,20,20,26,18
11/28/2016,1,1,22,20,20,26
11/29/2016,1,1,27,22,20,20
11/30/2016,1,1,19,27,22,20
12/01/2016,1,1,13,19,27,22
12/02/2016,1,1,11,13,19,27
12/03/2016,1,1,19,11,13,19
12/04/2016,1,1,24,19,11,13
12/05/2016,1,1,13,24,19,11
12/06/2016,1,1,10,13,24,19
12/07/2016,1,1,17,10,13,24
12/08/2016,1,1,15,17,10,13
12/09/2016,1,1,7,15,17,10
12/10/2016,1,1,12,7,15,17
12/11/2016,1,1,20,12,7,15
12/12/2016,1,1,12,20,12,7
12/13/2016,1,1,23,12,20,12
12/14/2016,1,1,12,23,12,20
12/15/2016,1,1,10,12,23,12
12/16/2016,1,1,15,10,12,23
12/17/2016,1,1,19,15,10,12
12/18/2016,1,1,22,19,15,10
12/19/2016,1,1,17,22,19,15
12/20/2016,1,1,18,17,22,19
12/21/2016,1,1,12,18,17,22
12/22/2016,1,1,20,12,18,17
12/23/2016,1,1,21,20,12,18
12/24/2016,1,1,13,21,20,12
12/25/2016,1,1,20,13,21,20
12/26/2016,1,1,16,20,13,21
12/27/2016,1,1,10,16,20,13
12/28/2016,1,1,16,10,16,20
12/29/2016,1,1,21,16,10,16
12/30/2016,1,1,24,21,16,10
12/31/2016,1,1,14,24,21,16
